
@article{mazor2019,
	title = {A novel tool for time-locking study plans to results},
	author = {Mazor, Matan and Mazor, Noam and Mukamel, Roy},
	year = {2019},
	date = {2019},
	journal = {European Journal of Neuroscience},
	pages = {1149--1156},
	volume = {49},
	number = {9},
	doi = {10.1111/ejn.14278},
	url = {https://onlinelibrary.wiley.com/doi/abs/10.1111/ejn.14278},
	note = {{\_}eprint: https://onlinelibrary.wiley.com/doi/pdf/10.1111/ejn.14278},
	langid = {en}
}

@article{uyeda1980prototypicality,
  title={Prototypicality norms for 28 semantic categories},
  author={Uyeda, Katherine M and Mandler, George},
  journal={Behavior Research Methods \& Instrumentation},
  volume={12},
  number={6},
  pages={587--595},
  year={1980},
  publisher={Springer-Verlag New York}
}

@Manual{R-base,
  title = {R: A Language and Environment for Statistical Computing},
  author = {{R Core Team}},
  organization = {R Foundation for Statistical Computing},
  address = {Vienna, Austria},
  year = {2021},
  url = {https://www.R-project.org/},
}
@Manual{R-papaja,
  author = {Frederik Aust and Marius Barth},
  title = {{papaja}: {Create} {APA} manuscripts with {R Markdown}},
  year = {2020},
  note = {R package version 0.1.0.9997},
  url = {https://github.com/crsh/papaja},
}
@Manual{R-BayesFactor,
  title = {BayesFactor: Computation of Bayes Factors for Common Designs},
  author = {Richard D. Morey and Jeffrey N. Rouder},
  year = {2018},
  note = {R package version 0.9.12-4.2},
  url = {https://CRAN.R-project.org/package=BayesFactor},
}
@Article{R-brms_a,
  title = {{brms}: An {R} Package for {Bayesian} Multilevel Models Using {Stan}},
  author = {Paul-Christian Bürkner},
  journal = {Journal of Statistical Software},
  year = {2017},
  volume = {80},
  number = {1},
  pages = {1--28},
  doi = {10.18637/jss.v080.i01},
  encoding = {UTF-8},
}
@Article{R-brms_b,
  title = {Advanced {Bayesian} Multilevel Modeling with the {R} Package {brms}},
  author = {Paul-Christian Bürkner},
  journal = {The R Journal},
  year = {2018},
  volume = {10},
  number = {1},
  pages = {395--411},
  doi = {10.32614/RJ-2018-017},
  encoding = {UTF-8},
}
@Manual{R-broom,
  title = {broom: Convert Statistical Objects into Tidy Tibbles},
  author = {David Robinson and Alex Hayes and Simon Couch},
  year = {2021},
  note = {R package version 0.7.9},
  url = {https://CRAN.R-project.org/package=broom},
}
@Article{R-coda,
  title = {CODA: Convergence Diagnosis and Output Analysis for MCMC},
  author = {Martyn Plummer and Nicky Best and Kate Cowles and Karen Vines},
  journal = {R News},
  year = {2006},
  volume = {6},
  number = {1},
  pages = {7--11},
  url = {https://journal.r-project.org/archive/},
  pdf = {https://www.r-project.org/doc/Rnews/Rnews_2006-1.pdf},
}
@Manual{R-cowplot,
  title = {cowplot: Streamlined Plot Theme and Plot Annotations for 'ggplot2'},
  author = {Claus O. Wilke},
  year = {2020},
  note = {R package version 1.1.1},
  url = {https://CRAN.R-project.org/package=cowplot},
}
@Manual{R-dplyr,
  title = {dplyr: A Grammar of Data Manipulation},
  author = {Hadley Wickham and Romain François and Lionel Henry and Kirill Müller},
  year = {2021},
  note = {R package version 1.0.7},
  url = {https://CRAN.R-project.org/package=dplyr},
}
@Manual{R-forcats,
  title = {forcats: Tools for Working with Categorical Variables (Factors)},
  author = {Hadley Wickham},
  year = {2021},
  note = {R package version 0.5.1},
  url = {https://CRAN.R-project.org/package=forcats},
}
@Book{R-ggplot2,
  author = {Hadley Wickham},
  title = {ggplot2: Elegant Graphics for Data Analysis},
  publisher = {Springer-Verlag New York},
  year = {2016},
  isbn = {978-3-319-24277-4},
  url = {https://ggplot2.tidyverse.org},
}
@Article{R-jsonlite,
  title = {The jsonlite Package: A Practical and Consistent Mapping Between JSON Data and R Objects},
  author = {Jeroen Ooms},
  journal = {arXiv:1403.2805 [stat.CO]},
  year = {2014},
  url = {https://arxiv.org/abs/1403.2805},
}
@Manual{R-lsr,
  title = {Learning statistics with R: A tutorial for psychology students and other beginners. (Version 0.5)},
  author = {Daniel Navarro},
  organization = {University of Adelaide},
  address = {Adelaide, Australia},
  year = {2015},
  note = {R package version 0.5},
  url = {http://ua.edu.au/ccs/teaching/lsr},
}
@Manual{R-Matrix,
  title = {Matrix: Sparse and Dense Matrix Classes and Methods},
  author = {Douglas Bates and Martin Maechler},
  year = {2021},
  note = {R package version 1.3-2},
  url = {https://CRAN.R-project.org/package=Matrix},
}
@Manual{R-MESS,
  title = {MESS: Miscellaneous Esoteric Statistical Scripts},
  author = {Claus Thorn Ekstrøm},
  year = {2020},
  note = {R package version 0.5.7},
  url = {https://CRAN.R-project.org/package=MESS},
}
@Manual{R-purrr,
  title = {purrr: Functional Programming Tools},
  author = {Lionel Henry and Hadley Wickham},
  year = {2020},
  note = {R package version 0.3.4},
  url = {https://CRAN.R-project.org/package=purrr},
}
@Manual{R-pwr,
  title = {pwr: Basic Functions for Power Analysis},
  author = {Stephane Champely},
  year = {2020},
  note = {R package version 1.3-0},
  url = {https://CRAN.R-project.org/package=pwr},
}
@Article{R-Rcpp_a,
  title = {{Rcpp}: Seamless {R} and {C++} Integration},
  author = {Dirk Eddelbuettel and Romain Fran\c{c}ois},
  journal = {Journal of Statistical Software},
  year = {2011},
  volume = {40},
  number = {8},
  pages = {1--18},
  url = {https://www.jstatsoft.org/v40/i08/},
  doi = {10.18637/jss.v040.i08},
}
@Article{R-Rcpp_b,
  title = {{Extending 	extit{R} with 	extit{C++}: A Brief Introduction to 	extit{Rcpp}}},
  author = {Dirk Eddelbuettel and James Joseph Balamuta},
  journal = {The American Statistician},
  year = {2018},
  volume = {72},
  number = {1},
  pages = {28-36},
  url = {https://doi.org/10.1080/00031305.2017.1375990},
  doi = {10.1080/00031305.2017.1375990},
}
@Manual{R-readr,
  title = {readr: Read Rectangular Text Data},
  author = {Hadley Wickham and Jim Hester},
  year = {2021},
  note = {R package version 2.0.1},
  url = {https://CRAN.R-project.org/package=readr},
}
@Manual{R-reticulate,
  title = {reticulate: Interface to 'Python'},
  author = {Kevin Ushey and JJ Allaire and Yuan Tang},
  year = {2021},
  note = {R package version 1.20},
  url = {https://CRAN.R-project.org/package=reticulate},
}
@Manual{R-stringr,
  title = {stringr: Simple, Consistent Wrappers for Common String Operations},
  author = {Hadley Wickham},
  year = {2019},
  note = {R package version 1.4.0},
  url = {https://CRAN.R-project.org/package=stringr},
}
@Manual{R-tibble,
  title = {tibble: Simple Data Frames},
  author = {Kirill Müller and Hadley Wickham},
  year = {2021},
  note = {R package version 3.1.4},
  url = {https://CRAN.R-project.org/package=tibble},
}
@Manual{R-tidyr,
  title = {tidyr: Tidy Messy Data},
  author = {Hadley Wickham},
  year = {2021},
  note = {R package version 1.1.3},
  url = {https://CRAN.R-project.org/package=tidyr},
}
@Article{R-tidyverse,
  title = {Welcome to the {tidyverse}},
  author = {Hadley Wickham and Mara Averick and Jennifer Bryan and Winston Chang and Lucy D'Agostino McGowan and Romain François and Garrett Grolemund and Alex Hayes and Lionel Henry and Jim Hester and Max Kuhn and Thomas Lin Pedersen and Evan Miller and Stephan Milton Bache and Kirill Müller and Jeroen Ooms and David Robinson and Dana Paige Seidel and Vitalie Spinu and Kohske Takahashi and Davis Vaughan and Claus Wilke and Kara Woo and Hiroaki Yutani},
  year = {2019},
  journal = {Journal of Open Source Software},
  volume = {4},
  number = {43},
  pages = {1686},
  doi = {10.21105/joss.01686},
}

@article{audinot2014optimal,
  title={Optimal Strategies against a Random Opponent in Battleship},
  author={Audinot, Maxime and Bonnet, Fran{\c{c}}ois and Viennot, Simon},
  journal={The 19th Game Programming Workshop},
  year={2014}
}

@article{moran2021model,
  title={Model based planners reflect on their model-free propensities},
  author={Moran, Rani and Keramati, Mehdi and Dolan, Raymond J},
  journal={PLoS Computational Biology},
  volume={17},
  number={1},
  pages={e1008552},
  year={2021},
  publisher={Public Library of Science San Francisco, CA USA}
}

@inproceedings{baker2011bayesian,
  title={Bayesian theory of mind: Modeling joint belief-desire attribution},
  author={Baker, Chris and Saxe, Rebecca and Tenenbaum, Joshua},
  booktitle={Proceedings of the annual meeting of the cognitive science society},
  volume={33},
  number={33},
  year={2011}
}

@article{baker2009action,
  title={Action understanding as inverse planning},
  author={Baker, Chris L and Saxe, Rebecca and Tenenbaum, Joshua B},
  journal={Cognition},
  volume={113},
  number={3},
  pages={329--349},
  year={2009},
  publisher={Elsevier}
}

@article{wimmer1983beliefs,
  title={Beliefs about beliefs: Representation and constraining function of wrong beliefs in young children's understanding of deception},
  author={Wimmer, Heinz and Perner, Josef},
  journal={Cognition},
  volume={13},
  number={1},
  pages={103--128},
  year={1983},
  publisher={Elsevier}
}

@article{wellman2001meta,
  title={Meta-analysis of theory-of-mind development: The truth about false belief},
  author={Wellman, Henry M and Cross, David and Watson, Julanne},
  journal={Child development},
  volume={72},
  number={3},
  pages={655--684},
  year={2001},
  publisher={Wiley Online Library}
}

@article{dodson2002false,
  title={When false recognition meets metacognition: The distinctiveness heuristic},
  author={Dodson, Chad S and Schacter, Daniel L},
  journal={Journal of Memory and Language},
  volume={46},
  number={4},
  pages={782--803},
  year={2002},
  publisher={Elsevier}
}

@article{shultz1981development,
  title={Development of recursive awareness of intention.},
  author={Shultz, Thomas R and Cloghesy, Karen},
  journal={Developmental Psychology},
  volume={17},
  number={4},
  pages={465},
  year={1981},
  publisher={American Psychological Association}
}

@article{baker2009action,
  title={Action understanding as inverse planning},
  author={Baker, Chris L and Saxe, Rebecca and Tenenbaum, Joshua B},
  journal={Cognition},
  volume={113},
  number={3},
  pages={329--349},
  year={2009},
  publisher={Elsevier}
}

@article{baker2017rational,
  title={Rational quantitative attribution of beliefs, desires and percepts in human mentalizing},
  author={Baker, Chris L and Jara-Ettinger, Julian and Saxe, Rebecca and Tenenbaum, Joshua B},
  journal={Nature Human Behaviour},
  volume={1},
  number={4},
  pages={1--10},
  year={2017},
  publisher={Nature Publishing Group}
}

@article{liu2017ten,
  title={Ten-month-old infants infer the value of goals from the costs of actions},
  author={Liu, Shari and Ullman, Tomer D and Tenenbaum, Joshua B and Spelke, Elizabeth S},
  journal={Science},
  volume={358},
  number={6366},
  pages={1038--1041},
  year={2017},
  publisher={American Association for the Advancement of Science}
}

@article{onishi2005fifteen,
  title={Do 15-month-old infants understand false beliefs?},
  author={Onishi, Kristine H and Baillargeon, Ren{\'e}e},
  journal={science},
  volume={308},
  number={5719},
  pages={255--258},
  year={2005},
  publisher={American Association for the Advancement of Science}
}

@article{wegner1987paradoxical,
  title={Paradoxical effects of thought suppression.},
  author={Wegner, Daniel M and Schneider, David J and Carter, Samuel R and White, Teri L},
  journal={Journal of personality and social psychology},
  volume={53},
  number={1},
  pages={5},
  year={1987},
  publisher={American Psychological Association}
}

@inproceedings{gopnik1994theory,
  title={The theory theory.},
  author={Gopnik, Alison and Wellman, Henry M},
  booktitle={An earlier version of this chapter was presented at the Society for Research in Child Development Meeting, 1991.},
  year={1994},
  organization={Cambridge University Press}
}

@article{frith2005theory,
  title={Theory of mind},
  author={Frith, Chris and Frith, Uta},
  journal={Current biology},
  volume={15},
  number={17},
  pages={R644--R645},
  year={2005},
  publisher={Elsevier}
}

@article{sodian1991early,
  title={Early deception and the child's theory of mind: False trails and genuine markers},
  author={Sodian, Beate and Taylor, Catherine and Harris, Paul L and Perner, Josef},
  journal={Child development},
  volume={62},
  number={3},
  pages={468--483},
  year={1991},
  publisher={Wiley Online Library}
}

@article{emery2004mentality,
  title={The mentality of crows: convergent evolution of intelligence in corvids and apes},
  author={Emery, Nathan J and Clayton, Nicola S},
  journal={science},
  volume={306},
  number={5703},
  pages={1903--1907},
  year={2004},
  publisher={American Association for the Advancement of Science}
}

@article{hall2017cooperation,
  title={Cooperation and deception in primates},
  author={Hall, Katie and Brosnan, Sarah F},
  journal={Infant Behavior and Development},
  volume={48},
  pages={38--44},
  year={2017},
  publisher={Elsevier}
}


@article{emery2001effects,
  title={Effects of experience and social context on prospective caching strategies by scrub jays},
  author={Emery, Nathan J and Clayton, Nicola S},
  journal={Nature},
  volume={414},
  number={6862},
  pages={443--446},
  year={2001},
  publisher={Nature Publishing Group}
}


@Manual{R-gridExtra,
  title = {gridExtra: Miscellaneous Functions for "Grid" Graphics},
  author = {Baptiste Auguie},
  year = {2017},
  note = {R package version 2.3},
  url = {https://CRAN.R-project.org/package=gridExtra},
}
@Book{R-knitr,
  title = {Dynamic Documents with {R} and knitr},
  author = {Yihui Xie},
  publisher = {Chapman and Hall/CRC},
  address = {Boca Raton, Florida},
  year = {2015},
  edition = {2nd},
  note = {ISBN 978-1498716963},
  url = {https://yihui.org/knitr/},
}
@Manual{R-RColorBrewer,
  title = {RColorBrewer: ColorBrewer Palettes},
  author = {Erich Neuwirth},
  year = {2014},
  note = {R package version 1.1-2},
  url = {https://CRAN.R-project.org/package=RColorBrewer},
}
@Manual{R-thesisdown,
  title = {thesisdown: An updated R Markdown thesis template using the bookdown package},
  author = {Chester Ismay and Nick Solomon},
  year = {2021},
  note = {R package version 0.2.0.9000},
}
@Article{R-zoo,
  title = {zoo: S3 Infrastructure for Regular and Irregular Time Series},
  author = {Achim Zeileis and Gabor Grothendieck},
  journal = {Journal of Statistical Software},
  year = {2005},
  volume = {14},
  number = {6},
  pages = {1--27},
  doi = {10.18637/jss.v014.i06},
}
@Manual{R-afex,
  title = {afex: Analysis of Factorial Experiments},
  author = {Henrik Singmann and Ben Bolker and Jake Westfall and Frederik Aust and Mattan S. Ben-Shachar},
  year = {2021},
  note = {R package version 1.0-1},
  url = {https://CRAN.R-project.org/package=afex},
}
@Article{R-lme4,
  title = {Fitting Linear Mixed-Effects Models Using {lme4}},
  author = {Douglas Bates and Martin M{\"a}chler and Ben Bolker and Steve Walker},
  journal = {Journal of Statistical Software},
  year = {2015},
  volume = {67},
  number = {1},
  pages = {1--48},
  doi = {10.18637/jss.v067.i01},
}
@Article{R-osfr,
  title = {{osfr}: An {R} Interface to the Open Science Framework},
  author = {Aaron R. Wolen and Chris H.J. Hartgerink and Ryan Hafen and Brian G. Richards and Courtney K. Soderberg and Timothy P. York},
  journal = {Journal of Open Source Software},
  year = {2020},
  volume = {5},
  number = {46},
  pages = {2071},
  url = {https://doi.org/10.21105/joss.02071},
  doi = {10.21105/joss.02071},
}
@Article{R-lmerTest,
  title = {{lmerTest} Package: Tests in Linear Mixed Effects Models},
  author = {Alexandra Kuznetsova and Per B. Brockhoff and Rune H. B. Christensen},
  journal = {Journal of Statistical Software},
  year = {2017},
  volume = {82},
  number = {13},
  pages = {1--26},
  doi = {10.18637/jss.v082.i13},
}
@Manual{R-magrittr,
  title = {magrittr: A Forward-Pipe Operator for R},
  author = {Stefan Milton Bache and Hadley Wickham},
  year = {2020},
  note = {R package version 2.0.1},
  url = {https://CRAN.R-project.org/package=magrittr},
}
@Book{R-MASS,
  title = {Modern Applied Statistics with S},
  author = {W. N. Venables and B. D. Ripley},
  publisher = {Springer},
  edition = {Fourth},
  address = {New York},
  year = {2002},
  note = {ISBN 0-387-95457-0},
  url = {https://www.stats.ox.ac.uk/pub/MASS4/},
}
@Manual{R-modeest,
  title = {modeest: Mode Estimation},
  author = {Paul Poncet},
  year = {2019},
  note = {R package version 2.4.0},
  url = {https://CRAN.R-project.org/package=modeest},
}
@Manual{R-png,
  title = {png: Read and write PNG images},
  author = {Simon Urbanek},
  year = {2013},
  note = {R package version 0.1-7},
  url = {https://CRAN.R-project.org/package=png},
}
@Manual{R-ppcor,
  title = {ppcor: Partial and Semi-Partial (Part) Correlation},
  author = {Seongho Kim},
  year = {2015},
  note = {R package version 1.1},
  url = {https://CRAN.R-project.org/package=ppcor},
}

@techreport{aberbach2021,
	title = {Same Action, Different Meaning: Neural substrates of Semantic Goal Representation},
	author = {Aberbach, Shahar and Buaron, Batel and Mudrik, Liad and Mukamel, Roy},
	year = {2021},
	month = {04},
	date = {2021-04-18},
	pages = {2021.04.18.440307},
	url = {https://www.biorxiv.org/content/10.1101/2021.04.18.440307v1},
	note = {Company: Cold Spring Harbor Laboratory
DOI: 10.1101/2021.04.18.440307
Distributor: Cold Spring Harbor Laboratory
Label: Cold Spring Harbor Laboratory
Section: New Results},
	langid = {en}
}

@article{harley2004,
	title = {The {"}Saw-It-All-Along{"} Effect: Demonstrations of Visual Hindsight Bias.},
	author = {Harley, Erin M. and Carlsen, Keri A. and Loftus, Geoffrey R.},
	year = {2004},
	date = {2004},
	journal = {Journal of Experimental Psychology: Learning, Memory, and Cognition},
	pages = {960--968},
	volume = {30},
	number = {5},
	doi = {10.1037/0278-7393.30.5.960},
	url = {http://doi.apa.org/getdoi.cfm?doi=10.1037/0278-7393.30.5.960},
	langid = {en}
}

@article{fischhoff1975,
	title = {Hindsight is not equal to foresight: The effect of outcome knowledge on judgment under uncertainty},
	author = {Fischhoff, Baruch},
	year = {1975},
	month = {08},
	date = {1975-08},
	journal = {Journal of Experimental Psychology: Human Perception and Performance},
	pages = {288--299},
	volume = {1},
	number = {3},
	doi = {10.1037/0096-1523.1.3.288},
	url = {https://search.ebscohost.com/login.aspx?direct=true&db=pdh&AN=1976-00159-001&site=ehost-live},
	note = {Publisher: American Psychological Association}
}

@article{bond2006,
	title = {Accuracy of Deception Judgments},
	author = {Bond, Charles F. and DePaulo, Bella M.},
	year = {2006},
	month = {08},
	date = {2006-08-01},
	journal = {Personality and Social Psychology Review},
	pages = {214--234},
	volume = {10},
	number = {3},
	doi = {10.1207/s15327957pspr1003_2},
	url = {https://doi.org/10.1207/s15327957pspr1003_2},
	note = {Publisher: SAGE Publications Inc},
	langid = {en}
}

@article{saxe2005,
	title = {Against simulation: the argument from error},
	author = {Saxe, Rebecca},
	year = {2005},
	month = {04},
	date = {2005-04},
	journal = {Trends in Cognitive Sciences},
	pages = {174--179},
	volume = {9},
	number = {4},
	doi = {10.1016/j.tics.2005.01.012},
	url = {https://linkinghub.elsevier.com/retrieve/pii/S1364661305000318},
	langid = {en}
}

@article{roese2012,
	title = {Hindsight Bias},
	author = {Roese, Neal J. and Vohs, Kathleen D.},
	year = {2012},
	month = {09},
	date = {2012-09-01},
	journal = {Perspectives on Psychological Science},
	pages = {411--426},
	volume = {7},
	number = {5},
	doi = {10.1177/1745691612454303},
	url = {https://doi.org/10.1177/1745691612454303},
	note = {Publisher: SAGE Publications Inc},
	langid = {en}
}

@article{fischhoff1977,
	title = {Perceived Informativeness of Facts.},
	author = {Fischhoff, Baruch},
	year = {1977},
	month = {05},
	date = {1977-05-01},
	journal = {Journal of Experimental Psychology: Human Perception and Performance},
	pages = {349--358},
	volume = {3},
	number = {2},
	doi = {10.1037/0096-1523.3.2.349},
	note = {DOI: 10.1037/0096-1523.3.2.349
MAG ID: 2118189264}
}

@article{wood1978,
	title = {The knew-it-all-along effect.},
	author = {Wood, Gordon},
	year = {1978},
	month = {05},
	date = {1978-05-01},
	journal = {Journal of Experimental Psychology: Human Perception and Performance},
	pages = {345--353},
	volume = {4},
	number = {2},
	doi = {10.1037/0096-1523.4.2.345},
	note = {DOI: 10.1037/0096-1523.4.2.345
MAG ID: 2066166110}
}

@article{morris,
	title = {Introspective access to value-based choice processes},
	date = {2023},
	author = {Morris, Adam and Carlson, Ryan W. and Kober, Hedy and Crockett, Molly},
	doi = {10.31234/osf.io/2zrfa},
	langid = {en-us}
}

@article{mazor2023,
	title = {Prospective search time estimates reveal the strengths and limits of internal models of visual search.},
	author = {Mazor, Matan and Siegel, Max H. and Tenenbaum, Joshua B.},
	year = {2023},
	date = {2023},
	journal = {Journal of experimental psychology. General},
	doi = {10.1037/xge0001360},
	note = {DOI: 10.1037/xge0001360
PMID: 36939608
S2ID: effff0f4bf019b62eab51dd405c4eb45e97f67a2}
}

@article{levin2008,
	title = {The Visual Metacognition Questionnaire: A Measure of Intuitions about Vision},
	author = {Levin, Daniel T. and Angelone, Bonnie L.},
	year = {2008},
	date = {2008},
	journal = {The American Journal of Psychology},
	pages = {451--472},
	volume = {121},
	number = {3},
	doi = {10.2307/20445476},
	url = {https://www.jstor.org/stable/20445476},
	note = {Publisher: University of Illinois Press}
}

@article{richardson2022,
	title = {Thinking takes time: Children use agents' response times to infer the source, quality, and complexity of their knowledge},
	author = {Richardson, Emory and Keil, Frank C.},
	year = {2022},
	month = {07},
	date = {2022-07-01},
	journal = {Cognition},
	pages = {105073},
	volume = {224},
	doi = {10.1016/j.cognition.2022.105073},
	url = {https://www.sciencedirect.com/science/article/pii/S0010027722000610},
	langid = {en}
}

@article{bernstein2007,
	title = {Fluency misattribution and visual hindsight bias},
	author = {Bernstein, Daniel M. and Harley, Erin M.},
	year = {2007},
	month = {07},
	date = {2007-07-01},
	journal = {Memory},
	pages = {548--560},
	volume = {15},
	number = {5},
	doi = {10.1080/09658210701390701},
	url = {https://doi.org/10.1080/09658210701390701},
	note = {Publisher: Routledge
{\_}eprint: https://doi.org/10.1080/09658210701390701
PMID: 17613797}
}

@article{bernstein2012,
	title = {Auditory hindsight bias},
	author = {Bernstein, Daniel M. and Wilson, Alexander Maurice and Pernat, Nicole L. M. and Meilleur, Louise R.},
	year = {2012},
	month = {08},
	date = {2012-08-01},
	journal = {Psychonomic Bulletin & Review},
	pages = {588--593},
	volume = {19},
	number = {4},
	doi = {10.3758/s13423-012-0268-0},
	url = {https://doi.org/10.3758/s13423-012-0268-0},
	langid = {en}
}

@article{pohl1996,
	title = {No Reduction in Hindsight Bias after Complete Information and Repeated Testing},
	author = {Pohl, {Rüdiger F.} and Hell, Wolfgang},
	year = {1996},
	month = {07},
	date = {1996-07-01},
	journal = {Organizational Behavior and Human Decision Processes},
	pages = {49--58},
	volume = {67},
	number = {1},
	doi = {10.1006/obhd.1996.0064},
	url = {https://www.sciencedirect.com/science/article/pii/S0749597896900643}
}

@article{allen2024,
	title = {Using Games to Understand the Mind},
	author = {Allen, Kelsey Rebecca and {Brändle}, Franziska and Botvinick, Matthew M. and Fan, Judith and Gershman, Samuel J. and Gopnik, Alison and Griffiths, Thomas L. and Hartshorne, Joshua and Hauser, Tobias U. and Ho, Mark K. and Leeuw, Joshua de and Ma, Wei Ji and Murayama, Kou and Nelson, Jonathan D. and Opheusden, Bas van and Pouncy, H. Thomas and Rafner, Janet and Rahwan, Iyad and Rutledge, Robb and Sherson, Jacob Friis and Simsek, Ozgur and Spiers, Hugo and Summerfield, Christopher and Thalmann, Mirko and {Vélez}, Natalia and Watrous, Andrew and Tenenbaum, Joshua and Schulz, Eric},
	year = {2024},
	month = {01},
	date = {2024-01-06},
	doi = {10.31234/osf.io/hbsvj},
	url = {https://osf.io/hbsvj},
	note = {Publisher: OSF},
	langid = {en-us}
}

@inproceedings{ge2018,
	title = {International Conference on Artificial Intelligence and Statistics},
	author = {Ge, Hong and Xu, Kai and Ghahramani, Zoubin},
	year = {2018},
	month = {03},
	date = {2018-03-31},
	publisher = {PMLR},
	pages = {1682--1690},
	url = {https://proceedings.mlr.press/v84/ge18b.html},
	note = {ISSN: 2640-3498},
	langid = {en}
}

@article{mazor2021,
	title = {The Dunning-Kruger effect revisited},
	author = {Mazor, Matan and Fleming, Stephen M.},
	year = {2021},
	month = {06},
	date = {2021-06},
	journal = {Nature Human Behaviour},
	pages = {677--678},
	volume = {5},
	number = {6},
	doi = {10.1038/s41562-021-01101-z},
	url = {https://www.nature.com/articles/s41562-021-01101-z},
	note = {Publisher: Nature Publishing Group},
	langid = {en}
}

@article{jansen2021,
	title = {A rational model of the Dunning{\textendash}Kruger effect supports insensitivity to evidence in low performers},
	author = {Jansen, Rachel A. and Rafferty, Anna N. and Griffiths, Thomas L.},
	year = {2021},
	month = {06},
	date = {2021-06},
	journal = {Nature Human Behaviour},
	pages = {756--763},
	volume = {5},
	number = {6},
	doi = {10.1038/s41562-021-01057-0},
	url = {https://www.nature.com/articles/s41562-021-01057-0},
	note = {Publisher: Nature Publishing Group},
	langid = {en}
}

@article{oey,
	title = {Designing and detecting lies by reasoning about other agents},
	author = {Oey, Lauren A. and Schachner, Adena and Vul, Edward},
	doi = {10.31234/osf.io/x4zkb},
	langid = {en-us}
}

@article{kahneman1972,
	title = {Subjective probability: A judgment of representativeness},
	author = {Kahneman, Daniel and Tversky, Amos},
	year = {1972},
	month = {07},
	date = {1972-07-01},
	journal = {Cognitive Psychology},
	pages = {430--454},
	volume = {3},
	number = {3},
	doi = {10.1016/0010-0285(72)90016-3},
	url = {https://www.sciencedirect.com/science/article/pii/0010028572900163}
}

@article{nichols2000,
	title = {A cognitive theory of pretense},
	author = {Nichols, Shaun and Stich, Stephen},
	year = {2000},
	month = {02},
	date = {2000-02-14},
	journal = {Cognition},
	pages = {115--147},
	volume = {74},
	number = {2},
	doi = {10.1016/S0010-0277(99)00070-0},
	url = {https://www.sciencedirect.com/science/article/pii/S0010027799000700},
	langid = {en}
}

@article{weisberg2013,
	title = {Pretense, Counterfactuals, and Bayesian Causal Models: Why What Is Not Real Really Matters},
	author = {Weisberg, Deena S. and Gopnik, Alison},
	year = {2013},
	date = {2013},
	journal = {Cognitive Science},
	pages = {1368--1381},
	volume = {37},
	number = {7},
	doi = {10.1111/cogs.12069},
	url = {https://onlinelibrary.wiley.com/doi/abs/10.1111/cogs.12069},
	note = {{\_}eprint: https://onlinelibrary.wiley.com/doi/pdf/10.1111/cogs.12069},
	langid = {en}
}

@article{walker2013,
	title = {Pretense and possibility{\textemdash}A theoretical proposal about the effects of pretend play on development: Comment on Lillard et al. (2013)},
	author = {Walker, Caren M. and Gopnik, Alison},
	year = {2013},
	date = {2013},
	journal = {Psychological Bulletin},
	pages = {40--44},
	volume = {139},
	number = {1},
	doi = {10.1037/a0030151},
	note = {Place: US
Publisher: American Psychological Association}
}

@article{depaulo2003,
	title = {Cues to deception},
	author = {DePaulo, Bella M. and Lindsay, James J. and Malone, Brian E. and Muhlenbruck, Laura and Charlton, Kelly and Cooper, Harris},
	year = {2003},
	date = {2003},
	journal = {Psychological Bulletin},
	pages = {74--118},
	volume = {129},
	number = {1},
	doi = {10.1037/0033-2909.129.1.74},
	note = {Place: US
Publisher: American Psychological Association}
}

@article{verschuere2023,
	title = {The use-the-best heuristic facilitates deception detection},
	author = {Verschuere, Bruno and Lin, Chu-Chien and Huismann, Sara and Kleinberg, Bennett and Willemse, Marleen and Mei, Emily Chong Jia and van Goor, Thierry and {Löwy}, Leonie H. S. and Appiah, Obed Kwame and Meijer, Ewout},
	year = {2023},
	month = {03},
	date = {2023-03-20},
	journal = {Nature Human Behaviour},
	pages = {1--11},
	doi = {10.1038/s41562-023-01556-2},
	url = {https://www.nature.com/articles/s41562-023-01556-2},
	note = {Publisher: Nature Publishing Group},
	langid = {en}
}

@article{walczyk2003,
	title = {Cognitive mechanisms underlying lying to questions: response time as a cue to deception},
	author = {Walczyk, Jeffrey J. and Roper, Karen S. and Seemann, Eric and Humphrey, Angela M.},
	year = {2003},
	date = {2003},
	journal = {Applied Cognitive Psychology},
	pages = {755--774},
	volume = {17},
	number = {7},
	doi = {10.1002/acp.914},
	url = {https://onlinelibrary.wiley.com/doi/abs/10.1002/acp.914},
	note = {{\_}eprint: https://onlinelibrary.wiley.com/doi/pdf/10.1002/acp.914},
	langid = {en}
}

@article{gallese1998,
	title = {Mirror neurons and the simulation theory of mind-reading},
	author = {Gallese, Vittorio and Goldman, Alvin},
	year = {1998},
	month = {12},
	date = {1998-12-01},
	journal = {Trends in Cognitive Sciences},
	pages = {493--501},
	volume = {2},
	number = {12},
	doi = {10.1016/S1364-6613(98)01262-5},
	url = {https://www.cell.com/trends/cognitive-sciences/abstract/S1364-6613(98)01262-5},
	note = {Publisher: Elsevier
PMID: 21227300},
	langid = {English}
}

@article{gordon1986,
	title = {Folk Psychology as Simulation},
	author = {Gordon, Robert M.},
	year = {1986},
	date = {1986},
	journal = {Mind & Language},
	pages = {158--171},
	volume = {1},
	number = {2},
	doi = {10.1111/j.1468-0017.1986.tb00324.x},
	url = {https://onlinelibrary.wiley.com/doi/abs/10.1111/j.1468-0017.1986.tb00324.x},
	note = {{\_}eprint: https://onlinelibrary.wiley.com/doi/pdf/10.1111/j.1468-0017.1986.tb00324.x},
	langid = {en}
}

@inbook{perner1996,
	title = {Simulation as Explicitation of Predication-Implicit Knowledge About the Mind: Arguments for a Simulation-Theory Mix},
	author = {Perner, Josef},
	editor = {Carruthers, Peter and Smith, Peter K.},
	year = {1996},
	date = {1996},
	publisher = {Cambridge University Press},
	pages = {90{\textendash}104}
}

@inbook{gordon2007,
	title = {Moorean Pretense},
	author = {Gordon, Robert},
	year = {2007},
	date = {2007},
	publisher = {Clarendon Press}
}

@article{bar-hillel1991,
	title = {The perception of randomness},
	author = {Bar-Hillel, Maya and Wagenaar, Willem A},
	year = {1991},
	month = {12},
	date = {1991-12-01},
	journal = {Advances in Applied Mathematics},
	pages = {428--454},
	volume = {12},
	number = {4},
	doi = {10.1016/0196-8858(91)90029-I},
	url = {https://www.sciencedirect.com/science/article/pii/019688589190029I}
}

@article{falk1997,
	title = {Making sense of randomness: Implicit encoding as a basis for judgment},
	author = {Falk, Ruma and Konold, Clifford},
	year = {1997},
	date = {1997},
	journal = {Psychological Review},
	pages = {301--318},
	volume = {104},
	number = {2},
	doi = {10.1037/0033-295X.104.2.301},
	note = {Place: US
Publisher: American Psychological Association}
}

@article{nickerson2002,
	title = {The production and perception of randomness},
	author = {Nickerson, Raymond S.},
	year = {2002},
	date = {2002},
	journal = {Psychological Review},
	pages = {330--357},
	volume = {109},
	number = {2},
	doi = {10.1037/0033-295X.109.2.330},
	note = {Place: US
Publisher: American Psychological Association}
}

@book{feynman1996,
	title = {Six Easy Pieces: Essentials Of Physics By Its Most Brilliant Teacher},
	author = {Feynman, Richard P.},
	year = {1996},
	month = {04},
	date = {1996-04-10},
	publisher = {Basic Books},
	note = {Google-Books-ID: 76DRwgEACAAJ},
	langid = {en}
}

@article{oey2023,
	title = {Designing and detecting lies by reasoning about other agents},
	author = {Oey, Lauren A. and Schachner, Adena and Vul, Edward},
	year = {2023},
	date = {2023},
	journal = {Journal of Experimental Psychology: General},
	pages = {346--362},
	volume = {152},
	number = {2},
	doi = {10.1037/xge0001277},
	note = {Place: US
Publisher: American Psychological Association}
}

@article{whatcom2020,
	title = {What comes to mind?},
	year = {2020},
	month = {01},
	date = {2020-01-01},
	journal = {Cognition},
	pages = {104057},
	volume = {194},
	doi = {10.1016/j.cognition.2019.104057},
	url = {https://www.sciencedirect.com/science/article/pii/S0010027719302306},
	note = {Publisher: Elsevier},
	langid = {canadian}
}

@article{earp2013,
	title = {No sign of quitting: incidental exposure to {\textquotedblleft}no smoking{\textquotedblright} signs ironically boosts cigarette-approach tendencies in smokers},
	author = {Earp, Brian D. and Dill, Brendan and Harris, Jennifer L. and Ackerman, Joshua M. and Bargh, John A.},
	year = {2013},
	date = {2013},
	journal = {Journal of Applied Social Psychology},
	pages = {2158--2162},
	volume = {43},
	number = {10},
	doi = {10.1111/jasp.12202},
	url = {https://onlinelibrary.wiley.com/doi/abs/10.1111/jasp.12202},
	note = {{\_}eprint: https://onlinelibrary.wiley.com/doi/pdf/10.1111/jasp.12202},
	langid = {en}
}

@article{giuliano2010,
	title = {Why the white bear is still there: Electrophysiological evidence for ironic semantic activation during thought suppression},
	author = {Giuliano, Ryan J and Wicha, Nicole YY},
	year = {2010},
	date = {2010},
	journal = {Brain research},
	pages = {62{\textendash}74},
	volume = {1316},
	note = {Publisher: Elsevier}
}

@article{graziano2015,
	title = {The attention schema theory: a mechanistic account of subjective awareness},
	author = {Graziano, Michael SA and Webb, Taylor W},
	year = {2015},
	date = {2015},
	journal = {Frontiers in psychology},
	pages = {500},
	volume = {6},
	note = {Publisher: Frontiers}
}

@article{bear2020,
	title = {What comes to mind?},
	author = {Bear, Adam and Bensinger, Samantha and Jara-Ettinger, Julian and Knobe, Joshua and Cushman, Fiery},
	year = {2020},
	date = {2020},
	journal = {Cognition},
	pages = {104057},
	volume = {194},
	note = {Publisher: Elsevier}
}

@inproceedings{kossale2022,
	title = {2022 8th International Conference on Optimization and Applications (ICOA)},
	author = {Kossale, Youssef and Airaj, Mohammed and Darouichi, Aziz},
	year = {2022},
	month = {10},
	date = {2022-10},
	pages = {1--6},
	doi = {10.1109/ICOA55659.2022.9934291},
	url = {https://ieeexplore.ieee.org/abstract/document/9934291},
	note = {ISSN: 2768-6388}
}
@Article{R-caret,
  title = {Building Predictive Models in R Using the caret Package},
  volume = {28},
  url = {https://www.jstatsoft.org/index.php/jss/article/view/v028i05},
  doi = {10.18637/jss.v028.i05},
  number = {5},
  journal = {Journal of Statistical Software},
  author = {{Kuhn} and {Max}},
  year = {2008},
  pages = {1–26},
}
@Manual{R-ggrepel,
  title = {ggrepel: Automatically Position Non-Overlapping Text Labels with
'ggplot2'},
  author = {Kamil Slowikowski},
  year = {2024},
  note = {R package version 0.9.6},
  url = {https://CRAN.R-project.org/package=ggrepel},
  doi = {10.32614/CRAN.package.ggrepel},
}
@Manual{R-groundhog,
  title = {groundhog: Version-Control for CRAN, GitHub, and GitLab Packages},
  author = {Uri Simonsohn and Hugo Gruson},
  year = {2025},
  note = {R package version 3.2.3},
  url = {https://CRAN.R-project.org/package=groundhog},
  doi = {10.32614/CRAN.package.groundhog},
}
@Book{R-lattice,
  title = {Lattice: Multivariate Data Visualization with R},
  author = {Deepayan Sarkar},
  year = {2008},
  publisher = {Springer},
  address = {New York},
  isbn = {978-0-387-75968-5},
  url = {http://lmdvr.r-forge.r-project.org},
}
@Article{R-lubridate,
  title = {Dates and Times Made Easy with {lubridate}},
  author = {Garrett Grolemund and Hadley Wickham},
  journal = {Journal of Statistical Software},
  year = {2011},
  volume = {40},
  number = {3},
  pages = {1--25},
  url = {https://www.jstatsoft.org/v40/i03/},
}
@Manual{R-svglite,
  title = {svglite: An 'SVG' Graphics Device},
  author = {Hadley Wickham and Lionel Henry and Thomas Lin Pedersen and T Jake Luciani and Matthieu Decorde and Vaudor Lise},
  year = {2025},
  note = {R package version 2.2.1},
  url = {https://CRAN.R-project.org/package=svglite},
  doi = {10.32614/CRAN.package.svglite},
}
@Manual{R-tinylabels,
  title = {{tinylabels}: Lightweight variable labels},
  author = {Marius Barth},
  year = {2025},
  note = {R package version 0.2.5},
  url = {https://cran.r-project.org/package=tinylabels},
  doi = {10.32614/CRAN.package.tinylabels},
}
@Manual{R-xtable,
  title = {xtable: Export Tables to LaTeX or HTML},
  author = {David B. Dahl and David Scott and Charles Roosen and Arni Magnusson and Jonathan Swinton},
  year = {2019},
  note = {R package version 1.8-4},
  url = {https://CRAN.R-project.org/package=xtable},
  doi = {10.32614/CRAN.package.xtable},
}
